@inproceedings{recognizing_named_entities_in_tweets,
 author = {Liu, Xiaohua and Zhang, Shaodian and Wei, Furu and Zhou, Ming},
 title = {Recognizing Named Entities in Tweets},
 booktitle = {Proceedings of the 49th Annual Meeting of the Association for Computational Linguistics: Human Language Technologies - Volume 1},
 series = {HLT '11},
 year = {2011},
 isbn = {978-1-932432-87-9},
 location = {Portland, Oregon},
 pages = {359--367},
 numpages = {9},
 url = {http://dl.acm.org/citation.cfm?id=2002472.2002519},
 acmid = {2002519},
 publisher = {Association for Computational Linguistics},
 address = {Stroudsburg, PA, USA},
} 

@inproceedings{ESOL,
 author = {Yannakoudakis, Helen and Briscoe, Ted and Medlock, Ben},
 title = {A New Dataset and Method for Automatically Grading ESOL Texts},
 booktitle = {Proceedings of the 49th Annual Meeting of the Association for Computational Linguistics: Human Language Technologies - Volume 1},
 series = {HLT '11},
 year = {2011},
 isbn = {978-1-932432-87-9},
 location = {Portland, Oregon},
 pages = {180--189},
 numpages = {10},
 url = {http://dl.acm.org/citation.cfm?id=2002472.2002496},
 acmid = {2002496},
 publisher = {Association for Computational Linguistics},
 address = {Stroudsburg, PA, USA},
} 

@inproceedings{the_book,
 author = {Jurafksy, Daniel and Martin, James H.},
 booktitle = {Speech and Language Processing},
 year = {2009},
 location = {Upper Saddle River, New Jersey},
 pages = {768-769},
 publisher = {Pearson Education, Inc.},
} 

@inproceedings{Ritter:2011:NER:2145432.2145595,
 author = {Ritter, Alan and Clark, Sam and Mausam and Etzioni, Oren},
 title = {Named Entity Recognition in Tweets: An Experimental Study},
 booktitle = {Proceedings of the Conference on Empirical Methods in Natural Language Processing},
 series = {EMNLP '11},
 year = {2011},
 isbn = {978-1-937284-11-4},
 location = {Edinburgh, United Kingdom},
 pages = {1524--1534},
 numpages = {11},
 url = {http://dl.acm.org/citation.cfm?id=2145432.2145595},
 acmid = {2145595},
 publisher = {Association for Computational Linguistics},
 address = {Stroudsburg, PA, USA},
} 

@inproceedings{auto_marking,
  title={Auto-marking: using computational linguistics to score short, free text responses},
  author={Sukkarieh, Jana Z and Pulman, Stephen G and Raikes, Nicholas},
  booktitle={th annual conference of the International Association for Educational Assessment (IAEA), Manchester, UK},
  year={2003}
}

@inproceedings{burstein_pdf,
  title={Automated evaluation of essays and short answers},
  author={Burstein et al},
  booktitle={Proceedings of the 5th CAA Conference, Loughborough: Loughborough University},
  year={2001}
  }

 @inproceedings{ESOL2,
 author = {Lonsdale, Deryle and Strong-Krause, Diane},
 title = {Automated Rating of ESL Essays},
 booktitle = {Proceedings of the HLT-NAACL 03 Workshop on Building Educational Applications Using Natural Language Processing - Volume 2},
 series = {HLT-NAACL-EDUC '03},
 year = {2003},
 pages = {61--67},
 numpages = {7},
 url = {http://dx.doi.org/10.3115/1118894.1118903},
 doi = {10.3115/1118894.1118903},
 acmid = {1118903},
 publisher = {Association for Computational Linguistics},
 address = {Stroudsburg, PA, USA},
}